@MISC{bib:crandall,
    AUTHOR       = "R. E. Crandall",
    TITLE        = "Note on fast polylogarithm computation",
    HOWPUBLISHED = "www.reed.edu/~crandall/papers/Polylog.pdf",
    MONTH        = "January",
    YEAR         = "2006",
    NOTE         = ""
}



@Article{bib:deL.Kronig499,
	author = {de L. Kronig, R. and Penney, W. G.},
	title = {Quantum Mechanics of Electrons in Crystal Lattices},
	volume = {130},
	number = {814},
	pages = {499--513},
	year = {1931},
	doi = {10.1098/rspa.1931.0019},
	publisher = {The Royal Society},
	issn = {0950-1207},
	URL = {http://rspa.royalsocietypublishing.org/content/130/814/499},
	eprint = {http://rspa.royalsocietypublishing.org/content/130/814/499.full.pdf},
	journal = {Proceedings of the Royal Society of London A: Mathematical, Physical and Engineering Sciences}
}


@BOOK{bib:Pathria,
    AUTHOR       = "R. K. Pathria",
    TITLE        = "Statistical Mechanics",
    PUBLISHER    = "Butterworth-Heinemann",
    YEAR         = "1996",
    VOLUME       = "",
    SERIES       = "",
    ADDRESS      = "Oxford",
    EDITION      = "Second",
    MONTH        = "",
    NOTE         = ""
}


@ARTICLE{bib:Santana,
    AUTHOR       = "P. H. A. Santana and A. Rosato",
    TITLE        = "Use of the Laplace Transform Method to Solve the One-Dimensional Periodic-Potential Problem",
    JOURNAL      = "American Journal of Physics",
    YEAR         = "1973",
    VOLUME       = "41",
    NUMBER       = "10",
    PAGES        = "1138-1141",
    MONTH        = "",
    NOTE         = ""
}


@ARTICLE{bib:GQSalzman,
    AUTHOR       = "P. J. Salzman",
    TITLE        = "Gaussian Quadrature",
    JOURNAL      = "",
    YEAR         = "2001",
    VOLUME       = "",
    NUMBER       = "",
    PAGES        = "",
    MONTH        = "June",
    NOTE         = ""
}

@ARTICLE{bib:DHBailey,
    AUTHOR       = "D. H. Bailey and K. Jeyabalan and Xiaoye S. Li",
    TITLE        = "A Comparison of Three High-Precision Quadrature Schemes",
    JOURNAL      = "Experimental Mathematics",
    YEAR         = "2005",
    VOLUME       = "14",
    NUMBER       = "3",
    PAGES        = "317-329",
    MONTH        = "",
    NOTE         = ""
}

@ARTICLE{bib:M.Mori,
    AUTHOR       = "Masatake Mori",
    TITLE        = "Discovery of the double exponential transformation and its developments",
    JOURNAL      = "Publ. Res. Inst. Math. Sci.",
    YEAR         = "2005",
    VOLUME       = "41",
    NUMBER       = "4",
    PAGES        = "897-935",
    MONTH        = "",
    NOTE         = ""
}

@BOOK{bib:NumRecipesC,
    AUTHOR       = "William H. Press and A. Teukolsky, Saul and T. Vetterling, William and P. Flannery, Brian",
    TITLE        = "Numerical Recipes in C",
    PUBLISHER    = "Cambridge University Press",
    YEAR         = "1992",
    VOLUME       = "",
    SERIES       = "",
    ADDRESS      = "Cambridge",
    EDITION      = "Second",
    MONTH        = "",
    NOTE         = ""
}

@BOOK{bib:mourachkine,
    AUTHOR       = "Andrei Mourachkine",
    TITLE        = "High-Temperature Superconductivity in Cuprates: The Nonlinear Mechanism and
Tunneling Measurements",
    PUBLISHER    = "Kluwer Academic Publishers",
    YEAR         = "2002",
    VOLUME       = "",
    SERIES       = "",
    ADDRESS      = "Dordrecht",
    EDITION      = "",
    MONTH        = "",
    NOTE         = ""
}

@ARTICLE{bib:Ziman,
    AUTHOR       = "J. M. Ziman",
    TITLE        = "Bose-Einstein Condensation in Helium Films",
    JOURNAL      = "Philosophical Magazine Series 7",
    YEAR         = "1953",
    VOLUME       = "44",
    NUMBER       = "",
    PAGES        = "548 - 558",
    MONTH        = "",
    NOTE         = ""
}


@ARTICLE{bib:McQ,
    AUTHOR       = "Donald A. McQuarry",
    TITLE        = "The Kronig-Penney Model. A single lecture illustrating the band structure of solids",
    JOURNAL      = "The Chemical Educator",
    YEAR         = "1996",
    VOLUME       = "1",
    NUMBER       = "1",
    PAGES        = "1-10",
    MONTH        = "03",
    NOTE         = ""
}


@ARTICLE{bib:bretz,
    AUTHOR       = "Michael Bretz",
    TITLE        = "Heat Capacity of Multilayer He$^4$ on Graphite",
    JOURNAL      = "Phys. Rev. Lett.",
    YEAR         = "1973",
    VOLUME       = "31",
    NUMBER       = "24",
    PAGES        = "1447-1450",
    MONTH        = "December",
    NOTE         = ""
}

@ARTICLE{bib:finotello,
    AUTHOR       = "Lindsay M. Steele and Charles J. Yeager and Daniele Finotello",
    TITLE        = "Precision Specific-Heat Studies of Thin Superfluids Films",
    JOURNAL      = "Phys. Rev. Lett.",
    YEAR         = "1993",
    VOLUME       = "22",
    NUMBER       = "71",
    PAGES        = "3673-3676",
    MONTH        = "November",
    NOTE         = ""
}


@ARTICLE{bib:doniach,
    AUTHOR       = "S. Doniach",
    TITLE        = "Theory of the Critical Temperature of Superfluid Phase Transitions in Two Dimensions",
    JOURNAL      = "Phys. Rev. Lett.",
    YEAR         = "1973",
    VOLUME       = "24",
    NUMBER       = "31",
    PAGES        = "1450-1453",
    MONTH        = "December",
    NOTE         = ""
}

@BOOK{bib:supercondTheoryExp,
    AUTHOR       = "J. Robert Schrieffer and James S. Brooks",
    TITLE        = "Handbook of High-Temperature Superconductivity. Theory and Experiment",
    PUBLISHER    = "Springer",
    YEAR         = "2007",
    VOLUME       = "",
    SERIES       = "",
    ADDRESS      = "New York",
    EDITION      = "1",
    MONTH        = "",
    NOTE         = ""
}


@ARTICLE{bib:wright,
    AUTHOR       = "Wright, J.P. Emerson and B.F. Woodfield and J.E. Gordon and R.A. Fisher and N.E. Phillips",
    TITLE        = "",
    JOURNAL      = "Phys. Rev. Lett.",
    YEAR         = "1999",
    VOLUME       = "82",
    NUMBER       = "",
    PAGES        = "1550",
    MONTH        = "",
    NOTE         = ""
}

@ARTICLE{bib:goble,
    AUTHOR       = "D. F. Goble and L. E. H. Trainor",
    TITLE        = "New Correlation Length in Bose-Gase Models of Liquid Helium",
    JOURNAL      = "Phys. Rev. Lett.",
    YEAR         = "1967",
    VOLUME       = "157",
    NUMBER       = "1",
    PAGES        = "167-168",
    MONTH        = "May",
    NOTE         = ""
}

@ARTICLE{Bednorz,
    AUTHOR       = "J. G. Bednorz and K. A. MÃ¼ller",
    TITLE        = "Possible high $T_c$ superconductivity in the Ba-La-Cu-O system",
    JOURNAL      = "Z. Physik",
    YEAR         = "1986",
    VOLUME       = "64",
    NUMBER       = "1",
    PAGES        = "189-193",
    MONTH        = "",
    NOTE         = ""
}

@ARTICLE{HighestTc,
    AUTHOR       = "L. Gao and Y. Y. Xue and F. Chen and Q. Xiong and R. L. Meng and D. Ramirez and C. W. Chu",
    TITLE        = "Superconductivity up to 164 K in HgBa$_2$C$_{am-1}$Cu$_m$O$_{2m+2+\delta}$ (m=1, 2, and 3) under quasihydrostatic pressures",
    JOURNAL      = "Phys. Rev. B",
    YEAR         = "1994",
    VOLUME       = "50",
    NUMBER       = "6",
    PAGES        = "4260-4263",
    MONTH        = "",
    NOTE         = ""
}

@ARTICLE{Cornell,
    AUTHOR       = "M.H. Anderson and J.R. Ensher and M.R. Matthews and C.E. Wieman and E.A. Cornell",
    TITLE        = "Observations of Bose-Einstein condensation in a dilute atomic vapor",
    JOURNAL      = "Science",
    YEAR         = "1995",
    VOLUME       = "269",
    NUMBER       = "5221",
    PAGES        = "198-201",
    MONTH        = "July",
    NOTE         = ""
}

@ARTICLE{diboruro,
    AUTHOR       = "Jun Nagamatsu and Norimasa Nakagawa and Takahiro Muranaka and Yuji Zenitani and Jun Aimitsu",
    TITLE        = "Superconductivity at 39K in magnesium diboride",
    JOURNAL      = "Nature",
    YEAR         = "2001",
    VOLUME       = "410",
    NUMBER       = "31",
    PAGES        = "63-64",
    MONTH        = "",
    NOTE         = ""
}

@ARTICLE{Wen,
    AUTHOR       = " X.G. Wen and R. Kan",
    TITLE        = "Charged boson condensation in high-$T_c$ superconductors",
    JOURNAL      = "Phys. Rev. B",
    YEAR         = "1998",
    VOLUME       = "37",
    NUMBER       = "1",
    PAGES        = "595--598",
    MONTH        = "January",
    NOTE         = ""
}

@ARTICLE{Uemura,
    AUTHOR       = "Y. J. Uemura and G. M. Luke and B. J. Sternlieb and J. H. Brewer and J. F. Carolan and W. N. Hardy and R. Kadono and J. R. Kempton and R. F. Kiefl and S. R. Kreitzman and P. Mulhern and T. M. Riseman and D. Ll. Williams and B. X. Yang and S. Uchida and H. Takagi and J. Gopalakrishnan and A. W. Sleight and M. A. Subramanian and C. L. Chien and M. Z. Cieplak and Gang Xiao and V. Y. Lee and B. W. Statt and C. E. Stronach and W. J. Kossler and and X. H. Yu",
    TITLE        = "Universal Correlations between $T_c$ and $n_s/m*$ (Carrier Density over Effective Mass) in High-$T_c$ Cuprate Superconductors",
    JOURNAL      = "Phys. Rev. Lett",
    YEAR         = "1989",
    VOLUME       = "62",
    NUMBER       = "19",
    PAGES        = "2317--2320",
    MONTH        = "May",
    NOTE         = ""
}

@ARTICLE{Lee89,
    AUTHOR       = "R. Friedberg and T. D. Lee",
    TITLE        = "Gap energy and long-range order in the boson-fermion model of superconductivity",
    JOURNAL      = "Phys. Rev. B",
    YEAR         = "1989",
    VOLUME       = "40",
    NUMBER       = "10",
    PAGES        = "6745--6762",
    MONTH        = "October",
    NOTE         = ""
}


@ARTICLE{pnictidos,
    AUTHOR       = "Yoichi Kamihara and Hidenori Hiramatsu and Masahiro Hirano and Ryuto Kawamura and Hiroshi Yanagi and Toshio Kamiya and Hideo Hosono",
    TITLE        = "Iron-Based Layered Superconductor: LaOFeP",
    JOURNAL      = "J. Am. Chem. Soc.",
    YEAR         = "2006",
    VOLUME       = "128",
    NUMBER       = "31",
    PAGES        = "10012-10013",
    MONTH        = "",
    NOTE         = ""
}

@ARTICLE{Lee90,
    AUTHOR       = "R. Friedberg and T.D. Lee and H.C. Re",
    TITLE        = "Coherence length and vortex filament in the boson-fermion model of superconductivity",
    JOURNAL      = "Phys. Rev. B",
    YEAR         = "1990",
    VOLUME       = "42",
    NUMBER       = "7",
    PAGES        = "4122--4134",
    MONTH        = "",
    NOTE         = ""
}

@ARTICLE{Ogg,
    AUTHOR       = "Ogg, Richard A.",
    TITLE        = "Bose-Einstein Condensation of Trapped Electron Pairs. Phase Separation and Superconductivity of Metal-Ammonia Solutions",
    JOURNAL      = "Phys. Rev.",
    YEAR         = "1946",
    VOLUME       = "69",
    NUMBER       = "5-6",
    PAGES        = "243--244",
    MONTH        = "March",
    NOTE         = ""
}

@ARTICLE{Ginz,
    AUTHOR       = "V.L. Ginzburg and Usp. Fiz. Nauk.",
    TITLE        = "Der gegenwÃ¤rtige Stand der Theorie der Supraleitung",
    JOURNAL      = "Fortschritte der Physik",
    YEAR         = "1953",
    VOLUME       = "1",
    NUMBER       = "3",
    PAGES        = "101--163",
    MONTH        = "",
    NOTE         = ""
}

@ARTICLE{BF,
    AUTHOR       = "M.R. Schafroth",
    TITLE        = "Theory of Superconductivity",
    JOURNAL      = "Phys. Rev.",
    YEAR         = "1954",
    VOLUME       = "96",
    NUMBER       = "5",
    PAGES        = "1442",
    MONTH        = "Dec",
    NOTE         = ""
}

@ARTICLE{BF1,
    AUTHOR       = "M.R. Schafroth and S.T. Butler and J.M. Blatt",
    TITLE        = "",
    JOURNAL      = "Helv. Phys. Acta",
    YEAR         = "1957",
    VOLUME       = "30",
    NUMBER       = "",
    PAGES        = "93",
    MONTH        = "",
    NOTE         = ""
}

@ARTICLE{BF2,
    AUTHOR       = "M.R. Schafroth",
    TITLE        = "",
    JOURNAL      = "Sol. State Phys.",
    YEAR         = "1960",
    VOLUME       = "10",
    NUMBER       = "",
    PAGES        = "293",
    MONTH        = "",
    NOTE         = ""
}

@ARTICLE{BF3,
    AUTHOR       = "J. Ranninger and R. Micnas and S. Robaszkiewicz",
    TITLE        = "",
    JOURNAL      = "Ann. Phys. Fr.",
    YEAR         = "1988",
    VOLUME       = "13",
    NUMBER       = "",
    PAGES        = "455",
    MONTH        = "",
    NOTE         = ""
}

@ARTICLE{bcs,
    AUTHOR       = "J. Bardeen and L.N. Cooper and J.R. Schrieffer",
    TITLE        = "Theory of Superconductivity",
    JOURNAL      = "Phys. Rev.",
    YEAR         = "1957",
    VOLUME       = "108",
    NUMBER       = "5",
    PAGES        = "1175",
    MONTH        = "",
    NOTE         = ""
}

@BOOK{Blatt,
    AUTHOR       = "J.M. Blatt",
    TITLE        = "Theory of Superconductivity",
    PUBLISHER    = "Academic Press",
    YEAR         = "1964",
    VOLUME       = "",
    SERIES       = "",
    ADDRESS      = "New York",
    EDITION      = "",
    MONTH        = "",
    NOTE         = ""
}

@ARTICLE{Bog58,
    AUTHOR       = "N.N. Bogoliubov",
    TITLE        = "",
    JOURNAL      = "JETP",
    YEAR         = "1958",
    VOLUME       = "34",
    NUMBER       = "",
    PAGES        = "41",
    MONTH        = "",
    NOTE         = ""
}

@ARTICLE{bts,
    AUTHOR       = "N.N. Bogoliubov and V.V. Tolmachev and D.V. Shirkov",
    TITLE        = "A New Method in the Theory of Superconductivity",
    JOURNAL      = "Fortschr. Phys",
    YEAR         = "1958",
    VOLUME       = "6",
    NUMBER       = "",
    PAGES        = "605",
    MONTH        = "",
    NOTE         = ""
}

@ARTICLE{BF7a,
    AUTHOR       = "V.V. Tolmachev",
    TITLE        = "Superconducting BoseâEinstein condensates of Cooper pairs interacting with electrons",
    JOURNAL      = "Phys. Lett. A",
    YEAR         = "2000",
    VOLUME       = "266",
    NUMBER       = "",
    PAGES        = "400--408",
    MONTH        = "",
    NOTE         = ""
}


@ARTICLE{Eagles,
    AUTHOR       = "D.M. Eagles",
    TITLE        = "Possible Pairing without Superconductivity at Low Carrier Concentrations in Bulk and Thin-Film Superconducting Semiconductors",
    JOURNAL      = "Phys. Rev.",
    YEAR         = "1969",
    VOLUME       = "186",
    NUMBER       = "",
    PAGES        = "456",
    MONTH        = "",
    NOTE         = ""
}

@ARTICLE{BF3,
    AUTHOR       = "J. Ranninger and R. Micnas and S. Robaszkiewicz",
    TITLE        = "",
    JOURNAL      = "Ann. Phys. Fr.",
    YEAR         = "1988",
    VOLUME       = "13",
    NUMBER       = "",
    PAGES        = "455",
    MONTH        = "",
    NOTE         = ""
}


@ARTICLE{BF5,
    AUTHOR       = "R. Friedberg and T.D. Lee",
    TITLE        = "Gap energy and long-range order in the boson-fermion model of superconductivity",
    JOURNAL      = "Phys. Rev. B",
    YEAR         = "1989",
    VOLUME       = "40",
    NUMBER       = "",
    PAGES        = "6745",
    MONTH        = "",
    NOTE         = ""
}

@ARTICLE{BF6,
    AUTHOR       = "R. Friedberg and T.D. Lee and H.-C. Ren",
    TITLE        = "The s-channel theory of superconductivity on a one-dimensional lattice of parallel (CuO$_2$) planes",
    JOURNAL      = "Phys. Lett. A",
    YEAR         = "1991",
    VOLUME       = "152",
    NUMBER       = "",
    PAGES        = "417--422",
    MONTH        = "",
    NOTE         = ""
}

@ARTICLE{Fiory,
    AUTHOR       = " A.T. Fiory and S. Martin and R.M. Fleming and L.F. Schneemeyer and J.V.
Waszczak and A.F. Hebard and S.A. Sunshine",
    TITLE        = "Transport, tunneling X-ray, and penetration depth studies of superconducting Bi$_{2+x}$Sr$_{2-y}$CuO$_{6Â±d}$ crystals",
    JOURNAL      = "Physica C",
    YEAR         = "1989",
    VOLUME       = "162",
    NUMBER       = "",
    PAGES        = "1195--1196",
    MONTH        = "",
    NOTE         = ""
}


@BOOK{Poole,
    AUTHOR       = "Charles P. Poole Jr. and  Horacio A. Farach  and Richard J. Creswick",
    TITLE        = "Superconductivity",
    PUBLISHER    = "Academic Press",
    YEAR         = "2007",
    VOLUME       = "",
    SERIES       = "",
    ADDRESS      = "New York",
    EDITION      = "Second",
    MONTH        = "",
    NOTE         = ""
}

@ARTICLE{excitonS,
    AUTHOR       = "L.V. Keldysh and A.N. Kozlov",
    TITLE        = "Collective properties of excitons in semiconductors",
    JOURNAL      = "Sov. Phys. JETP",
    YEAR         = "1968",
    VOLUME       = "27",
    NUMBER       = "",
    PAGES        = "521",
    MONTH        = "",
    NOTE         = ""
}


@ARTICLE{excitonA,
    AUTHOR       = "J.L. Lin and J.P. Wolfe",
    TITLE        = "Bose-Einstein condensation of paraexcitons in stressed Cu$_2$O",
    JOURNAL      = "Phys. Rev. Lett.",
    YEAR         = "1993",
    VOLUME       = "71",
    NUMBER       = "",
    PAGES        = "1222",
    MONTH        = "",
    NOTE         = ""
}


@ARTICLE{excitonB,
    AUTHOR       = "X. Zhu and P.B. Littlewood and Mark S. Hybertsen and T. M. Rice",
    TITLE        = "Exciton Condensate in Semiconductor Quantum Well Structures",
    JOURNAL      = "Phys. Rev. Lett.",
    YEAR         = "1995",
    VOLUME       = "74",
    NUMBER       = "",
    PAGES        = "1633",
    MONTH        = "",
    NOTE         = ""
}

@ARTICLE{excitonC,
    AUTHOR       = "L.V. Butov and C.W. Lai and A.L. Ivanov and A.C. Gossard and D.S. Chemia",
    TITLE        = "Towards Bose-Einstein condensation of excitons in potential traps",
    JOURNAL      = "Nature",
    YEAR         = "2002",
    VOLUME       = "417",
    NUMBER       = "",
    PAGES        = "47",
    MONTH        = "",
    NOTE         = ""
}


@ARTICLE{bib:anarYBCO,
    AUTHOR       = "J. E. Gordon and R. A. Fisher and S. Kim and N. E. Phillips",
    TITLE        = "Lattice and electronic specific heat of YBa$_2$Cu$_3$O$_7$",
    JOURNAL      = "Physica C",
    YEAR         = "1989",
    VOLUME       = "162",
    NUMBER       = "",
    PAGES        = "484",
    MONTH        = "",
    NOTE         = ""
}


% Referencias de grupo

@ARTICLE{atrapados,
    AUTHOR       = "M. Grether and M. Fortes and M. de Llano and J. L. del R\'{\i}o and F. J. Sevilla and M. A. Sol\'{\i}s and A. A. Valladares",
    TITLE        = "Harmonically Trapped Quantum Gases",
    JOURNAL      = "Eur. Phys. J. D",
    YEAR         = "2003",
    VOLUME       = "23",
    NUMBER       = "",
    PAGES        = "117",
    MONTH        = "",
    NOTE         = ""
}


@ARTICLE{bib:MASolis,
    AUTHOR       = "P. Salas and M. Fortes and M. de Llano and F. J. Sevilla and M. A. SolÃ­s",
    TITLE        = "Critical Temperature and Specific Heat of extremely multilayered confined bosons",
    JOURNAL      = "",
    YEAR         = "",
    VOLUME       = "",
    NUMBER       = "",
    PAGES        = "",
    MONTH        = "",
    NOTE         = ""
}

@ARTICLE{bib:fjSevilla,
    AUTHOR       = "F. J. Sevilla and M. Grether and M. Fortes and M. de Llano and O. Rojo and
M. A. SolÃ­s and A. A. Valladares",
    TITLE        = "Low-dimensional BEC",
    JOURNAL      = "Journal of Low Temperature Physics",
    YEAR         = "2000",
    VOLUME       = "121",
    NUMBER       = "",
    PAGES        = "281-286",
    MONTH        = "",
    NOTE         = ""
}


@ARTICLE{PLA2,
    AUTHOR       = "M. de Llano and V.V. Tolmachev",
    TITLE        = "Multiple phases in a new statistical bosonâfermion model of superconductivity",
    JOURNAL      = "Physica A",
    YEAR         = "2003",
    VOLUME       = "317",
    NUMBER       = "",
    PAGES        = "546--564",
    MONTH        = "",
    NOTE         = ""
}

@ARTICLE{CMT02,
    AUTHOR       = "J. Batle and M. Casas and M. Fortes and M. de Llano and F.J. Sevilla and M.A. Sol\'{\i}s and V.V. Tolmachev",
    TITLE        = "",
    JOURNAL      = "Cond. Matter Theories",
    YEAR         = "2003",
    VOLUME       = "18",
    NUMBER       = "",
    PAGES        = "111",
    MONTH        = "",
    NOTE         = ""
}


@INBOOK{deLlRev,
    AUTHOR       = "M. de Llano",
    TITLE        = "Frontiers in Superconductivity Research",
    CHAPTER      = "",
    PUBLISHER    = "Nova Science Publishers",
    YEAR         = "2004",
    VOLUME       = "",
    SERIES       = "",
    ADDRESS      = "New York",
    EDITOR       = "B.P. Martins",
    MONTH        = "",
    NOTE         = ""
}

@ARTICLE{B8a,
    AUTHOR       = " M. Casas and S. Fujita and M. de Llano and A. Puente and A. Rigo and M.A.
Sol\'{\i}s",
    TITLE        = "",
    JOURNAL      = "Phys. Lett. A",
    YEAR         = "1998",
    VOLUME       = "245",
    NUMBER       = "",
    PAGES        = "5",
    MONTH        = "",
    NOTE         = ""
}

@ARTICLE{B8a2,
    AUTHOR       = " M. Casas and S. M. de Llano and O. Rojo and A. Rigo and M.A.
Sol\'{\i}s",
    TITLE        = "Bose-Einstein condensation with a BCS model interaction",
    JOURNAL      = "Phys. Lett. A",
    YEAR         = "1998",
    VOLUME       = "245",
    NUMBER       = "",
    PAGES        = "55--61",
    MONTH        = "",
    NOTE         = ""
}

@ARTICLE{BF9,
    AUTHOR       = "M. Casas and M. de Llano and A. Puente and A. Rigo and M.A. Sol\'{\i}s",
    TITLE        = "Statistical model of superconductivity in a 2D binary bosonâfermion mixture",
    JOURNAL      = "Physica A",
    YEAR         = "2001",
    VOLUME       = "295",
    NUMBER       = "",
    PAGES        = "146",
    MONTH        = "",
    NOTE         = ""
}

@ARTICLE{BF92,
    AUTHOR       = "M. Casas and M. de Llano and A. Puente and A. Rigo and M.A. Sol\'{\i}s",
    TITLE        = "",
    JOURNAL      = "Physica A",
    YEAR         = "2001",
    VOLUME       = "295",
    NUMBER       = "",
    PAGES        = "425--440",
    MONTH        = "",
    NOTE         = ""
}

@ARTICLE{BF10,
    AUTHOR       = " M. Casas and M. de Llano and A. Puente and A. Rigo and M.A. Sol\'{\i}s",
    TITLE        = "Two-dimensional Bose-Einstein condensation in cuprate superconductors",
    JOURNAL      = "Sol. State Comm.",
    YEAR         = "2002",
    VOLUME       = "123",
    NUMBER       = "",
    PAGES        = "101-106",
    MONTH        = "",
    NOTE         = ""
}

@ARTICLE{PRB2000,
    AUTHOR       = "S.K. Adhikari and M. Casas and A. Puente and A. Rigo and M. Fortes and
M.A. Sol\'{\i}s and M. de Llano and A.A. Valladares and O. Rojo",
    TITLE        = "Cooper pair dispersion relation for weak to strong coupling",
    JOURNAL      = "Phys. Rev. B",
    YEAR         = "2000",
    VOLUME       = "62",
    NUMBER       = "",
    PAGES        = "8671",
    MONTH        = "",
    NOTE         = ""
}


@ARTICLE{PhysicaC,
    AUTHOR       = "S.K. Adhikari and M. Casas, A. Puente, A. Rigo, M. Fortes,
M.A. Sol\'{\i}s, M. de Llano, A.A. Valladares and O. Rojo",
    TITLE        = "Linear to quadratic crossover of Cooper-pair dispersion relation",
    JOURNAL      = "Physica C",
    YEAR         = "2001",
    VOLUME       = "351",
    NUMBER       = "",
    PAGES        = "341--348",
    MONTH        = "April",
    NOTE         = ""
}

@ARTICLE{d-s,
    AUTHOR       = "V. C. Aguilera-Navarro and M. de Llano and M. A. Sol\'{\i}s",
    TITLE        = "Bose-Einstein condensation for general dispersion relations",
    JOURNAL      = "Eur. J. Phys.",
    YEAR         = "1999",
    VOLUME       = "20",
    NUMBER       = "",
    PAGES        = "177--182",
    MONTH        = "",
    NOTE         = ""
}

@ARTICLE{BEC-Driven,
    AUTHOR       = "M. Casas and A. Puente and A. Rigo and M. J. Davidson and
    R. M. Quick and M. Fortes and M. A. Sol\'{\i}s and M. de
    Llano and O. Navarro and A. A. Valladares and O. Rojo",
    TITLE        = "BEC-Driven superconductivity in the cuprates",
    JOURNAL      = "Intl. J. M. Phys. B",
    YEAR         = "1999",
    VOLUME       = "13",
    NUMBER       = "",
    PAGES        = "3489-3491",
    MONTH        = "",
    NOTE         = ""
}

@book{bib:oarodriguez,
    author = {Omar Abel RodrÃ­guez},
    title = {CondensaciÃ³n Bose-Einstein en estructuras multicapas periÃ³dicas},
    publisher = {Facultad de Ciencias, UNAM},
    note = {Tesis de licenciatura},
    year = {2010},
    address = {MÃ©xico},
    OPTurl = {http://132.248.9.195/ptb2010/junio/0658776/Index.html},
    OPTurldate = {}
}

@article{bib:oarodriguez-jltp,
    year={2014},
    journal={Journal of Low Temperature Physics},
    volume={175},
    number={1-2},
    title={BEC and Dimensional Crossover in a Boson Gas Within Multi-slabs},
    publisher={Springer US},
    keywords={Bose gas; Dimensional crossover; Critical temperature; Specific heat},
    author={RodrÃ­guez, O. A. and SolÃ­s, M. A.},
    pages={435-441},
    language={English}
}

@book{bib:merzbacher,
    author = {Eugene Merzbacher},
    title = {Quantum Mechanics},
    publisher = {Wiley},
    year = {1970},
    edition = {Second},
    OPTurl = {http://132.248.9.195/ptb2010/junio/0658776/Index.html},
    OPTurldate = {}
}

@Article{Hunter:2007,
    Author    = {Hunter, J. D.},
    Title     = {Matplotlib: A 2D graphics environment},
    Journal   = {Computing In Science \& Engineering},
    Volume    = {9},
    Number    = {3},
    Pages     = {90--95},
    abstract  = {Matplotlib is a 2D graphics package used for Python
    for application development, interactive scripting, and
    publication-quality image generation across user
    interfaces and operating systems.},
    publisher = {IEEE COMPUTER SOC},
    year      = 2007
}

@ARTICLE{Allen,
    AUTHOR       = "G. Allen",
    TITLE        = "Band Structures in One-Dimensional Crystals with Square-Well Potentials",
    JOURNAL      = "Physical Review",
    YEAR         = "1953",
    VOLUME       = "91",
    NUMBER       = "",
    PAGES        = "531",
    MONTH        = "",
    NOTE         = ""
}

@article{M-Greiner,
    author = {Markus Greiner and Olaf Mandel and Tilman Esslinger and Theodor W. HÃ¤nsch and Immanuel Bloch},
    title = {Quantum phase transition from a superfluid to a Mott insulator in a gas of ultracold atoms},
    journal = {Nature},
    year = {2002},
    volume = {415},
    pages = {39}
}

@article{I-Bloch,
    author = {Immanuel Bloch},
    title = {Ultracold quantum gases in optical lattices},
    journal = {Nature Physics},
    year = {2005},
    volume = {1},
    pages = {23}
}

@article{Takahashi,
    author = {Hidetosi Takahasi and Masatake Mori},
    title = {Double exponential formulas for numerical integration},
    journal = {Publications of the Research Institute for Mathematical Sciences},
    year = {1974},
    volume = {9},
    pages = {721-741}
}


